<?xml version="1.0" encoding="UTF-8"?><record xmlns="http://www.loc.gov/MARC21/slim" xmlns:cinclude="http://apache.org/cocoon/include/1.0" xmlns:zs="http://www.loc.gov/zing/srw/">
  <leader>00554nz  a2200133n  4500</leader>
  <controlfield tag="001">nr 89013184 </controlfield>
  <controlfield tag="003">DLC</controlfield>
  <controlfield tag="005">19891007061931.7</controlfield>
  <controlfield tag="008">891003n| acannaab|          |n ana     c</controlfield>
  <datafield tag="010" ind1=" " ind2=" ">
    <subfield code="a">nr 89013184 </subfield>
  </datafield>
  <datafield tag="040" ind1=" " ind2=" ">
    <subfield code="a">MWA</subfield>
    <subfield code="c">MWA</subfield>
  </datafield>
  <datafield tag="110" ind1="1" ind2="0">
    <subfield code="a">Pennsylvania.</subfield>
    <subfield code="b">Navy Board</subfield>
  </datafield>
  <datafield tag="670" ind1=" " ind2=" ">
    <subfield code="a">Its Pennsylvania War-Office, April 13th, 1777.  This Board think it their duty to publish a letter received from Mr. Henry Fisher, at Lewistown, by the Honourable the Navy Board of this state, 1777.</subfield>
  </datafield>
  <datafield tag="670" ind1=" " ind2=" ">
    <subfield code="a">MWA/NAIP files</subfield>
    <subfield code="b">(hdg.: Pennsylvania. Navy Board; note: established 2/13/1777)</subfield>
  </datafield>
</record>